@misc{sourceforge_review,
  title={Source{F}orge reviews for {PIPE}},
  howpublished = {\url{http://sourceforge.net/projects/pipe2/reviews?source=navbar}}
}

@misc{petri_net_tools,
  title={An analysis of existing {P}etri net tools},
  howpublished = {\url{
http://www.informatik.uni-hamburg.de/TGI/PetriNets/tools/quick.html}}
}

@misc{gitvcvs,
    howpublished = {\url{http://stackoverflow.com/questions/802573/difference-between-git-and-cvs}},
    Year = {2009},
    author = {Jakub Narebski},
    title = {{D}ifference {B}etween {G}it and {CVS}}
}

@book{bause2002stochastic, title={Stochastic {P}etri {N}ets}, ISBN={http://id.crossref.org/isbn/978-3-322-86501-4}, url={http://dx.doi.org/10.1007/978-3-322-86501-4}, DOI={10.1007/978-3-322-86501-4}, publisher={Vieweg+Teubner Verlag}, author={Bause, Falko and Kritzinger, Pieter S.}, year={2002}}

@book{kartson1994modelling,
  title={Modelling with generalized stochastic {P}etri nets},
  author={Kartson, D and Balbo, Gianfranco and Donatelli, S and Franceschinis, G and Conte, Giuseppe},
  year={1994},
  publisher={John Wiley \& Sons, Inc.}
}

@book{wolfgang1994design,
  title={Design patterns: elements of reusable object-oriented software},
  author={Gamma, Erich and Helm, Richard and Johnson, Ralph and Vlissides, John},
  year={1994},
  publisher={Pearson Education}
}

@inproceedings{Jensen97abrief,
 author = {Jensen, Kurt},
 title = {A {B}rief {I}ntroduction to {C}oloured {P}etri nets},
 booktitle = {Proceedings of the {T}hird {I}nternational {W}orkshop on {T}ools and {A}lgorithms for {C}onstruction and {A}nalysis of {S}ystems},
 series = {TACAS '97},
 year = {1997},
 isbn = {3-540-62790-1},
 pages = {203--208},
 numpages = {6},
 url = {http://dl.acm.org/citation.cfm?id=646481.691443},
 acmid = {691443},
 publisher = {Springer-Verlag},
 address = {London, UK, UK},
} 



@misc{2003report,
 title = {{PIPE} {F}inal {R}eport},
 author = {Bloom, James and Clark, Clare and Clifford, Camilla and Duncan, Alex and Kahn, Haroun and Papantoniou, Manos},
 year = {2003},
} 

@misc{2011report,
 author = {{J}an {V}lasak},
 title = {{U}nifying the {PIPE} {P}etri net {E}ditor {P}roject},
 year = {2011},
} 

@misc{stevedoubleday,
  author        = "Steve Doubleday",
  howpublished  = "E-mail communication",
  year          = "2013-2014"
}

@article{brauer2009carl,
  title={Carl {A}dam {P}etri and ``{P}etri nets''},
  author={Brauer, Wilfried and Reisig, Wolfgang},
  journal={Fundamental Concepts in Computer Science},
  volume={3},
  pages={129--139},
  year={2009}
}

@inproceedings{suto2006performance,
  title={Performance trees: {A} new approach to quantitative performance specification},
  author={Suto, Tamas and Bradley, Jeremy T and Knottenbelt, William J},
  booktitle={Modeling, Analysis, and Simulation of Computer and Telecommunication Systems, 2006. MASCOTS 2006. 14th IEEE International Symposium on},
  pages={303--313},
  year={2006},
  organization={IEEE}
}

@article{weber2003petri, title={The {P}etri {N}et {M}arkup {L}anguage}, ISBN={http://id.crossref.org/isbn/978-3-540-40022-6}, ISSN={1611-3349}, url={http://dx.doi.org/10.1007/978-3-540-40022-6_7}, DOI={10.1007/978-3-540-40022-6_7}, journal={Lecture Notes in Computer Science}, publisher={Springer Science + Business Media}, author={Weber, Michael and Kindler, Ekkart}, year={2003}, pages={124-144}}

@unpublished{stan_whitepaper,
  title={{STAN} {S}tructure {A}nalysis {F}or {J}ava},
  author = {Odysseus Software},
  year = {2009},
  url = {http://stan4j.com/papers/stan-whitepaper.pdf}
}

@misc{downloads,
  title={{PIPE} {D}ownloads},
  howpublished = {\url{http://sourceforge.net/projects/pipe2/files/stats/timeline?dates=2004-05-05+to+2014-01-14}}
}

@misc{sax,
  title={{J}ava {SAX} tutorial},
  howpublished = {\url{http://docs.oracle.com/javaee/1.4/tutorial/doc/JAXPSAX.html}}
}

@misc{jaxp_overview,
  title={{JAXP} {P}ackage {O}verview},
  howpublished = {\url{http://docs.oracle.com/javase/tutorial/jaxp/intro/package.html}}
}


@misc{jaxp_tutorial,
  title={{JAXP} {T}utorial},
  howpublished = {\url{http://docs.oracle.com/javase/tutorial/jaxp}}
}

@misc{PIPE2Code,
  title={{PIPE}2 v0.1 {S}ource {C}ode},
  year = {2004},
  howpublished = {\url{http://sourceforge.net/projects/pipe2/files/Pipe%202/Pipe%202%20v0.1/}}
}

@article{kotenko2005analyzing, 
title={Analyzing {V}ulnerabilities and {M}easuring {S}ecurity {L}evel at {D}esign and {E}xploitation {S}tages of {C}omputer {N}etwork {L}ife {C}ycle}, ISBN={http://id.crossref.org/isbn/978-3-540-31998-6}, ISSN={1611-3349}, url={http://dx.doi.org/10.1007/11560326_24}, DOI={10.1007/11560326_24}, journal={Lecture Notes in Computer Science}, publisher={Springer Science + Business Media}, author={Kotenko, Igor and Stepashkin, Mihail}, year={2005}, pages={311-324}}

@article{varadharajan1990petri, title={Petri net based modelling of information flow security requirements}, ISBN={http://id.crossref.org/isbn/0-8186-2071-4}, url={http://dx.doi.org/10.1109/csfw.1990.128185}, DOI={10.1109/csfw.1990.128185}, journal={[1990] Proceedings. The Computer Security Foundations Workshop III}, publisher={IEEE Comput. Soc. Press}, author={Varadharajan, V.}}

@article{ghasemieh2013analysis,
  title={Analysis of a sewage treatment facility using hybrid {P}etri nets},
  author={Ghasemieh, Hamed and Remke, A.K.I. and Haverkort, B.R.H.M.},
  year={2013},
  publisher={ACM}
}

@unpublished{parradaptive,
  title={Adaptive {LL} (*) {P}arsing: {T}he {P}ower of {D}ynamic {A}nalysis},
  author={Parr, Terence and Harwell, Sam and Fisher, Kathleen},
  year={2014},
  url={http://www.antlr.org/papers/allstar-techreport.pdf}
}

@misc{git_vs_cvs,
  title={{D}ifference between {G}it and {CVS}},
  year = {2004},
  author= {Jakub Nar\k{e}bski},
  howpublished = {\url{http://stackoverflow.com/questions/802573/difference-between-git-and-cvs}}
}
@book{kreyszig2010advanced,
  title={Advanced engineering mathematics},
  author={Kreyszig, Erwin},
  year={2010},
  publisher={John Wiley \& Sons}
}


@book{freeman2004head,
  title={Head first design patterns},
  author={Freeman, Elisabeth},
  year={2004},
  publisher={O'Reilly Media, Inc.}
}

@inproceedings{martin1997acyclic,
  title={Acyclic visitor},
  author={Martin, Robert C},
  booktitle={Pattern languages of program design 3},
  pages={93--103},
  year={1997},
  organization={Addison-Wesley Longman Publishing Co., Inc.}
}

@book{martin2003agile,
  title={Agile software development: principles, patterns, and practices},
  author={Martin, Robert Cecil},
  year={2003},
  publisher={Prentice Hall PTR}
}

@book{fowler2010domain,
  title={Domain-specific languages},
  author={Fowler, Martin},
  year={2010},
  publisher={Pearson Education}
}

@mastersthesis{knottenbelt1996generalised,
  title={Generalised {M}arkovian analysis of timed transition systems},
  author={Knottenbelt, William J},
  year={1996},
  school={University of {C}ape {T}own}
}

@book{bolch1998queueing,
  title={Queueing networks and {M}arkov chains: modeling and performance evaluation with computer science applications},
  author={Bolch, G.},
  isbn={9780471193661},
  lccn={98011959},
  series={Wiley-Interscience Publication},
  url={http://books.google.co.uk/books?id=puFQAAAAMAAJ},
  year={1998},
  publisher={Wiley}
}

@article{dingle2004uniformization, title={Uniformization and hypergraph partitioning for the distributed computation of response time densities in very large {M}arkov models}, volume={64}, ISSN={0743-7315}, url={http://dx.doi.org/10.1016/j.jpdc.2004.03.017}, DOI={10.1016/j.jpdc.2004.03.017}, number={8}, journal={Journal of Parallel and Distributed Computing}, publisher={Elsevier BV}, author={Dingle, Nicholas J and Harrison, Peter G and Knottenbelt, William J}, year={2004}, month={Aug}, pages={908-920}}

@misc{gh_issue_23,
  title={{G}itHub {PIPE} issue 23 - how to use the rate expression editor},
  year = {2014},
  author  = {MuzShekh},
  howpublished = {\url{
https://github.com/sarahtattersall/PIPE/issues/23}}
}


@misc{singleton_blog,
  title={{R}oot {C}ause of {S}ingletons},
  year = {2008},
  author  = {{M}i\v{s}ko {H}every},
  howpublished = {\url{http://googletesting.blogspot.co.uk/2008/08/root-cause-of-singletons.html}}
}

@misc{singleton_liars,
  title={{S}ingletons are {P}athological {L}iars},
  year = {2008},
  author  = {{M}i\v{s}ko {H}every},
  howpublished = {\url{http://misko.hevery.com/2008/08/17/singletons-are-pathological-liars/}}
}


@misc{guava_hash,
  title={{H}ashing {E}xplained},
  year = {2013},
  author  = {{K}urt {K}luever},
  howpublished = {\url{https://code.google.com/p/guava-libraries/wiki/HashingExplained}}
}

@misc{so_who_still_uses_cvs,
  title={{W}ho {S}till {U}ses {CVS}?},
  year = {2010},
  author  = {{M}atthew {R}ankin},
  howpublished = {\url{http://stackoverflow.com/questions/3584820/who-still-uses-cvs-and-why}}
}

@inproceedings{mackall2006towards,
  title={Towards a better {SCM}: {R}evlog and {M}ercurial},
  author={Mackall, Matt},
  booktitle={Linux Symposium},
  pages={83},
  year={2006},
  url={http://mercurial.selenic.com/wiki/Presentations?action=AttachFile&do=get&target=ols-mercurial-paper.pdf}
}

@misc{problems_in_observable,
  title={{P}roblems in java.util.{O}bservable},
  year = {2011},
  author  = {{R}ekha {K}umari},
  howpublished = {\url{http://javapracs.blogspot.co.uk/2011/02/problems-in-javautilobservable.html}}
}

@phdthesis{knottenbelt2000parallel,
  title={Parallel performance analysis of large {M}arkov models},
  author={Knottenbelt, William John},
  year={2000},
  school={Imperial College London (University of London)}
}
@misc{so_can_a_function_be_too_short,
  title={{C}an a function be too short?},
  year = {2011},
  author  = {{M}artin {B}lore},
  howpublished = {\url{http://programmers.stackexchange.com/questions/64449/can-a-function-be-too-short}}
}

@misc{whats_wrong_with_circular_references,
  title={{W}hat's wrong with circular references?},
  year = {2010},
  author  = {{Aaronnaught}},
  howpublished = {\url{http://programmers.stackexchange.com/questions/11856/whats-wrong-with-circular-references}}
}
@misc{guava_hashing,
  title={{B}enchmarking {H}ash {F}unctions in {G}uava},
  year = {2013},
  author  = {{K}urt {A}lfred {K}luever},
  howpublished = {\url{https://plus.google.com/+googleguava/posts/1eDwAr1YRE2}}
}

@misc{xx_hash,
  title={xxhash-benchmark},
  year = {2014},
  author  = {{A}drien {G}rand},
  howpublished = {\url{http://jpountz.github.io/lz4-java/1.2.0/xxhash-benchmark/}}
}
@misc{city_hash,
  title={Issue 889: {R}equest: {C}ity{H}ash as a hasher option},
  year = {2012},
  howpublished = {\url{https://code.google.com/p/guava-libraries/issues/detail?id=889}}
}


@misc{non_blocking_hash,
  title={Non-blocking hashtable},
  author={Dr. Cliff Click},
  year={2007},
  howpublished = {\url{http://www.azulsystems.com/blog/cliff/2007-03-26-non-blocking-hashtable}}
}


@misc{so_coprime_hash,
  title={{W}hy should hash functions use a prime number modulus?},
  year = {2013},
  author = {{S}teve {J}essop},
  howpublished = {\url{http://stackoverflow.com/questions/1145217/why-should-hash-functions-use-a-prime-number-modulus}}
}

@book{Peterson:1981:PNT:539513,
 title = {{P}etri {N}et {T}heory and the {M}odeling of Systems},
 author = {Peterson, James Lyle},
 year = {1981},
 isbn = {0136619835},
 publisher = {Prentice Hall PTR},
 address = {Upper Saddle River, NJ, USA},
}

@article{Nabli_2012, title={A {B}oolean {M}odel for {E}numerating {M}inimal {S}iphons and {T}raps in {P}etri {N}ets}, ISBN={http://id.crossref.org/isbn/978-3-642-33558-7}, ISSN={1611-3349}, url={http://dx.doi.org/10.1007/978-3-642-33558-7_57}, DOI={10.1007/978-3-642-33558-7_57}, journal={Lecture Notes in Computer Science}, publisher={Springer Science + Business Media}, author={Nabli, Faten and Fages, Fran\c{c}ois and Martinez, Thierry and Soliman, Sylvain}, year={2012}, pages={798-814}}

@article{Knottenbelt_2009_Performance_Tree, title={Performance {T}rees: {A} {Q}uery {S}pecification {F}ormalism for {Q}uantitative {P}erformance {A}nalysis}, ISBN={http://id.crossref.org/isbn/978-1-874672-41-8}, ISSN={1759-3158}, url={http://dx.doi.org/10.4203/csets.21.9}, DOI={10.4203/csets.21.9}, journal={Computational Science, Engineering \& Technology Series}, publisher={Civil-Comp, Ltd.}, author={Knottenbelt, W.J. and Dingle, N.J. and Suto, T.}, year={2009}, month={Apr}, pages={165-198}}

@article{RTA_Kulatunga, title={Cluster {G}rid based {R}esponse-time analysis module for the {PIPE} {T}ool}, ISBN={http://id.crossref.org/isbn/978-0-7695-2883-0}, url={http://dx.doi.org/10.1109/qest.2007.42}, DOI={10.1109/qest.2007.42}, journal={Fourth International Conference on the Quantitative Evaluation of Systems (QEST 2007)}, publisher={IEEE}, author={Kulatunga, Harini and Argent-Katwala, Ashok and Knottenbelt, William}}

@article{Dingle_2009, title={{A}utomated {C}ustomer-{C}entric {P}erformance {A}nalysis of {G}eneralised {S}tochastic {P}etri {N}ets {U}sing {T}agged {T}okens}, volume={232}, ISSN={1571-0661}, url={http://dx.doi.org/10.1016/j.entcs.2009.02.051}, DOI={10.1016/j.entcs.2009.02.051}, journal={Electronic Notes in Theoretical Computer Science}, publisher={Elsevier BV}, author={Dingle, Nicholas J. and Knottenbelt, William J.}, year={2009}, month={Mar}, pages={75-88}}

@article{Harrison_2003, title={Turning back time in {M}arkovian process algebra}, volume={290}, ISSN={0304-3975}, url={http://dx.doi.org/10.1016/s0304-3975(02)00375-4}, DOI={10.1016/s0304-3975(02)00375-4}, number={3}, journal={Theoretical Computer Science}, publisher={Elsevier BV}, author={Harrison, Peter G.}, year={2003}, month={Jan}, pages={1947-1986}}

@mastersthesis{potdarautomatic,
  title={Automatic construction of product-form solutions in stochastic networks},
  author={Potdar, Rhea},
  year={2013},
  month={June},
  school={Imperial College London},
  url={http://www.doc.ic.ac.uk/teaching/distinguished-projects/2013/r.potdar.pdf}
}

@misc{java_fx,
  title={Is {J}ava{FX} replacing {S}wing as the new client {UI} library for {J}ava {SE}?},
  author={Oracle},
  year={2014},
  howpublished = {\url{http://www.oracle.com/technetwork/java/javafx/overview/faq-1446554.html#6}}
}

@inproceedings{dingle2002distributed,
  title={Distributed solution of large Markov models using asynchronous iterations and graph partitioning},
  author={Dingle, Nicholas J and Knottenbelt, William J},
  booktitle={Proceedings of the 18th UK Performance Engineering Workshop (UKPEW'02)},
  pages={27--34},
  year={2002},
  url={http://www.doc.ic.ac.uk/~wjk/publications/dingle-knottenbelt-ukpew-2002.pdf}
}

@article{Gunawardena_1991,
  doi = {10.1016/0024-3795(91)90376-8},
  url = {http://dx.doi.org/10.1016/0024-3795(91)90376-8},
  year = {1991},
  month = {Aug},
  publisher = {Elsevier BV},
  volume = {154-156},
  pages = {123-143},
  author = {Ananda D. Gunawardena and S.K. Jain and Larry Snyder},
  title = {Modified iterative methods for consistent linear systems},
  journal = {Linear {A}lgebra and its {A}pplications}
}

@article{Usui_1994,
  doi = {10.1080/00207169408804271},
  url = {http://dx.doi.org/10.1080/00207169408804271},
  year = {1994},
  month = {Jan},
  publisher = {Informa {UK} Limited},
  volume = {51},
  number = {1-2},
  pages = {119-125},
  author = {Masataka Usui and Hiroshi Niki and Toshiyuki Kohno},
  title = {Adaptive {G}auss-{S}eidel method for linear systems},
  journal = {International Journal of Computer Mathematics}
  }

@inproceedings{Deavours,
  doi = {10.1109/pnpm.1997.595544},
  url = {http://dx.doi.org/10.1109/pnpm.1997.595544},
  publisher = {IEEE Comput. Soc},
  author = {D.D. Deavours and W.H. Sanders},
  title = {``On-the-fly'' solution techniques for stochastic {P}etri nets and extensions},
  booktitle = {Proceedings of the Seventh International Workshop on Petri Nets and Performance Models}
}

@misc{ec2,
  title={Amazon {EC2}},
  author={Amazon},
  
  howpublished = {\url{http://aws.amazon.com/ec2/?nc1=h_l2_cn}}
}

@book{sundarapandian2008numerical,
  title={Numerical {L}inear {A}lgebra},
  author={Sundarapandian, V},
  year={2008},
  publisher={PHI Learning Pvt. Ltd.}
}

@mastersthesis{wang2013,
  title={Extending {PIPE2} to {S}upport {F}unctional {A}rc {W}eights and {T}ransition Rates},
  author={Wang, Yufei},
  year={2013},
  school={Imperial {C}ollege {L}ondon}
}

@article{PIPE2,
  doi = {10.1145/1530873.1530881},
  url = {http://dx.doi.org/10.1145/1530873.1530881},
  year = 2009,
  month = {Mar},
  publisher = {Association for Computing Machinery (ACM)},
  volume = {36},
  number = {4},
  pages = {34},
  author = {Nicholas J. Dingle and William J. Knottenbelt and Tamas Suto},
  title = {{PIPE2}},
  journal = {ACM SIGMETRICS Performance Evaluation Review}
}

@inproceedings{PIPE2.5,
  title={PIPE v2. 5: A Petri net tool for performance modelling},
  author={Bonet, Pere and Llad{\'o}, Catalina M and Knottenbelt, William J}
}